@article{rodriguez2012real,
  title={A real-time method to detect and track moving objects (DATMO) from unmanned aerial vehicles (UAVs) using a single camera},
  author={Rodr{\'\i}guez-Canosa, Gonzalo R and Thomas, Stephen and del Cerro, Jaime and Barrientos, Antonio and MacDonald, Bruce},
  journal={Remote Sensing},
  volume={4},
  number={4},
  pages={1090--1111},
  year={2012},
  publisher={Molecular Diversity Preservation International}
}

@incollection{tong2013automatic,
  title={Automatic Object Tracking in Aerial Videos via Spatial-temporal Feature Clustering},
  author={Tong, Xiaomin and Zhang, Yanning and Yang, Tao and Ma, Wenguang},
  booktitle={Intelligence Science and Big Data Engineering},
  pages={78--85},
  year={2013},
  publisher={Springer}
}

@incollection{su2014moving,
  title={Moving Objects Detecting and Tracking for Unmanned Aerial Vehicle},
  author={Su, Binpin and Wang, Honglun and Liang, Xiao and Ji, Hongxia},
  booktitle={Foundations and Practical Applications of Cognitive Systems and Information Processing},
  pages={317--333},
  year={2014},
  publisher={Springer}
}

@article{skoglar2012road,
  title={Road target search and tracking with gimballed vision sensor on an unmanned aerial vehicle},
  author={Skoglar, Per and Orguner, Umut and T{\"o}rnqvist, David and Gustafsson, Fredrik},
  journal={Remote sensing},
  volume={4},
  number={7},
  pages={2076--2111},
  year={2012},
  publisher={Molecular Diversity Preservation International}
}

@inproceedings{stauffer1999adaptive,
  title={Adaptive background mixture models for real-time tracking},
  author={Stauffer, Chris and Grimson, W Eric L},
  booktitle={Computer Vision and Pattern Recognition, 1999. IEEE Computer Society Conference on.},
  volume={2},
  year={1999},
  organization={IEEE}
}

@article{kim2004tracking,
  title={Tracking road centerlines from high resolution remote sensing images by least squares correlation matching},
  author={Kim, Taejung and Park, Seung-Ran and Kim, Moon-Gyu and Jeong, Soo and Kim, Kyung-Ok},
  journal={Photogrammetric Engineering and Remote Sensing},
  volume={70},
  number={12},
  pages={1417--1422},
  year={2004}
}

@article{hu2004robust,
  title={A robust method for semi-automatic extraction of road centerlines using a piecewise parabolic model and least square template matching},
  author={Hu, Xiangyun and Zhang, Zuxun and Tao, C Vincent},
  journal={Photogrammetric engineering and remote sensing},
  volume={70},
  number={12},
  pages={1393--1398},
  year={2004}
}

@article{zhou2006road,
  title={Road tracking in aerial images based on human--computer interaction and Bayesian filtering},
  author={Zhou, Jun and Bischof, Walter F and Caelli, Terry},
  journal={ISPRS journal of photogrammetry and remote sensing},
  volume={61},
  number={2},
  pages={108--124},
  year={2006},
  publisher={Elsevier}
}

@article{hu2007road,
  title={Road network extraction and intersection detection from aerial images by tracking road footprints},
  author={Hu, Jiuxiang and Razdan, Anshuman and Femiani, John C and Cui, Ming and Wonka, Peter},
  journal={Geoscience and Remote Sensing, IEEE Transactions on},
  volume={45},
  number={12},
  pages={4144--4157},
  year={2007},
  publisher={IEEE}
}

@inproceedings{frew2004vision,
  title={Vision-based road-following using a small autonomous aircraft},
  author={Frew, Eric and McGee, Tim and Kim, ZuWhan and Xiao, Xiao and Jackson, Stephen and Morimoto, Michael and Rathinam, Sivakumar and Padial, Jose and Sengupta, Raja},
  booktitle={Aerospace Conference, 2004. Proceedings. 2004 IEEE},
  volume={5},
  pages={3006--3015},
  year={2004},
  organization={IEEE}
}

@article{azinheira2008image,
  title={Image-based visual servoing for vanishing features and ground lines tracking: application to a {UAV} automatic landing},
  author={Azinheira, Jos{\'e} Raul and Rives, Patrick},
  journal={International Journal of Optomechatronics},
  volume={2},
  number={3},
  pages={275--295},
  year={2008},
  publisher={Taylor \& Francis}
}

@inproceedings{shakernia1999vision,
  title={Vision guided landing of an unmanned air vehicle},
  author={Shakernia, Omid and Ma, Yi and Koo, T John and Hespanha, Joao and Sastry, S Shankar},
  booktitle={Decision and Control, 1999. Proceedings of the 38th IEEE Conference on},
  volume={4},
  pages={4143--4148},
  year={1999},
  organization={IEEE}
}

@inproceedings{lange2009vision,
  title={A vision based onboard approach for landing and position control of an autonomous multirotor UAV in GPS-denied environments},
  author={Lange, Sven and Sunderhauf, Niko and Protzel, Peter},
  booktitle={Advanced Robotics, 2009. ICAR 2009. International Conference on},
  pages={1--6},
  year={2009},
  organization={IEEE}
}

@article{matas2000robust,
	  title={Robust detection of lines using the progressive probabilistic hough transform},
	    author={Matas, Jiri and Galambos, Charles and Kittler, Josef},
	      journal={Computer Vision and Image Understanding},
	        volume={78},
		  number={1},
		    pages={119--137},
		      year={2000},
		        publisher={Elsevier}
}

@inproceedings{matas1998progressive,
  title={Progressive Probabilistic Hough Transform.},
  author={Matas, Jiri and Galambos, Charles and Kittler, Josef and others},
  booktitle={BMVC},
  pages={1--10},
  year={1998}
}

@article{perreault2007median,
  title={Median filtering in constant time},
  author={Perreault, Simon and H{\'e}bert, Patrick},
  journal={Image Processing, IEEE Transactions on},
  volume={16},
  number={9},
  pages={2389--2394},
  year={2007},
  publisher={IEEE}
}


@inproceedings{honegger2013open,
  title={An open source and open hardware embedded metric optical flow cmos camera for indoor and outdoor applications},
  author={Honegger, Dominik and Meier, Lorenz and Tanskanen, Petri and Pollefeys, Marc},
  booktitle={Robotics and Automation (ICRA), 2013 IEEE International Conference on},
  pages={1736--1741},
  year={2013},
  organization={IEEE}
}

@article{weiss2011monocular,
  title={Monocular-SLAM--based navigation for autonomous micro helicopters in GPS-denied environments},
  author={Weiss, Stephan and Scaramuzza, Davide and Siegwart, Roland},
  journal={Journal of Field Robotics},
  volume={28},
  number={6},
  pages={854--874},
  year={2011},
  publisher={Wiley Online Library}
}

@article{chowdhary2013gps,
  title={GPS-denied Indoor and Outdoor Monocular Vision Aided Navigation and Control of Unmanned Aircraft},
  author={Chowdhary, Girish and Johnson, Eric N and Magree, Daniel and Wu, Allen and Shein, Andy},
  journal={Journal of Field Robotics},
  volume={30},
  number={3},
  pages={415--438},
  year={2013},
  publisher={Wiley Online Library}
}
